<?xml version="1.0" encoding="UTF-8"?><record xmlns="http://www.loc.gov/MARC21/slim" xmlns:cinclude="http://apache.org/cocoon/include/1.0" xmlns:zs="http://www.loc.gov/zing/srw/">
  <leader>00867cz  a2200169n  4500</leader>
  <controlfield tag="001">n  86014054 </controlfield>
  <controlfield tag="003">DLC</controlfield>
  <controlfield tag="005">20141215120015.0</controlfield>
  <controlfield tag="008">871013n| acannaab           |n aba     b</controlfield>
  <datafield tag="010" ind1=" " ind2=" ">
    <subfield code="a">n  86014054 </subfield>
  </datafield>
  <datafield tag="040" ind1=" " ind2=" ">
    <subfield code="a">DNLM</subfield>
    <subfield code="b">eng</subfield>
    <subfield code="c">DLC</subfield>
    <subfield code="d">DLC</subfield>
  </datafield>
  <datafield tag="100" ind1="1" ind2="0">
    <subfield code="a">Martin, Jean E.</subfield>
  </datafield>
  <datafield tag="667" ind1=" " ind2=" ">
    <subfield code="a">THIS 1XX FIELD CANNOT BE USED UNDER RDA UNTIL THIS UNDIFFERENTIATED RECORD HAS BEEN HANDLED FOLLOWING THE GUIDELINES IN DCM Z1 008/32</subfield>
  </datafield>
  <datafield tag="670" ind1=" " ind2=" ">
    <subfield code="a">[Added entry for Nutrition and pregnancy]</subfield>
  </datafield>
  <datafield tag="670" ind1=" " ind2=" ">
    <subfield code="a">Nutrition and pregnancy [VR] c1984:</subfield>
    <subfield code="b">credit frame (Jean E. Martin, RN, CNM, assoc. prof., Nurse-Midwifery, Col. of Nurs., MUSC)</subfield>
  </datafield>
  <datafield tag="670" ind1=" " ind2=" ">
    <subfield code="a">[Author of Fit to be tied]</subfield>
  </datafield>
  <datafield tag="670" ind1=" " ind2=" ">
    <subfield code="a">Her Fit to be tied, c1990:</subfield>
    <subfield code="b">t.p. (Jean E. Martin) p. 2 (member of Calif. Press Women, Amer. Soc. for Training &amp; Development, and a founding member of the Fashion Group International, San Antonio, Tex. chapter)</subfield>
  </datafield>
</record>